<?xml version="1.0" encoding="UTF-8"?><collection xmlns="http://www.loc.gov/MARC21/slim"><record><leader>00407nam--2200145-i-4500</leader><controlfield tag="001">000025999</controlfield><controlfield tag="002">20161230</controlfield><controlfield tag="005">20161230201036</controlfield><controlfield tag="008">060222s1000------------r-----000-0-eng-d</controlfield><datafield ind1=" " ind2=" " tag="080"><subfield code="a">517.518.122/124</subfield></datafield><datafield ind1=" " ind2=" " tag="100"><subfield code="a">Kamke, E</subfield></datafield><datafield ind1=" " ind2=" " tag="245"><subfield code="a">Das levesgue-stieltjes-integral. mit 24 fig</subfield></datafield><datafield ind1=" " ind2=" " tag="260"><subfield code="a">Leipzig, B.G.Teubner Verlagsgesellschaft, 1960, Vi + 226p</subfield></datafield><datafield ind1=" " ind2=" " tag="852"><subfield code="a">11841</subfield><subfield code="c">517.5</subfield></datafield><datafield ind1=" " ind2=" " tag="CAT"><subfield code="a">Sys</subfield><subfield code="c">20080729</subfield><subfield code="h">125614</subfield></datafield></record></collection>